
@inproceedings{immel1986radiosity,
  title={A radiosity method for non-diffuse environments},
  author={Immel, David S and Cohen, Michael F and Greenberg, Donald P},
  booktitle={ACM SIGGRAPH Computer Graphics},
  volume={20},
  number={4},
  pages={133--142},
  year={1986},
  organization={ACM}
}

@inproceedings{kajiya1986rendering,
  title={The rendering equation},
  author={Kajiya, James T},
  booktitle={ACM Siggraph Computer Graphics},
  volume={20},
  number={4},
  pages={143--150},
  year={1986},
  organization={ACM}
}

@article{judd1975color,
  title={Color in business, science, and industry},
  author={Judd, Deane Brewster and Wyszecki, Gunter and others},
  year={1975},
  publisher={Wiley}
}

@inproceedings{reinhard2002photographic,
  title={Photographic tone reproduction for digital images},
  author={Reinhard, Erik and Stark, Michael and Shirley, Peter and Ferwerda, James},
  booktitle={ACM Transactions on Graphics (TOG)},
  volume={21},
  number={3},
  pages={267--276},
  year={2002},
  organization={ACM}
}

@article{stokes2012standard,
  title={A standard default color space for the internet—sRGB, 1996},
  author={Stokes, Michael and Anderson, Mattew and Chandrasekar, Srinivasan and Motta, Ricardo},
  journal={URL http://www. w3. org/Graphics/Color/sRGB},
  year={2012}
}

@misc{dice_moving_frostbite_to_pbr,
  title = {Moving Frostbite to Physically Based Rendering 2.0},
  author = {Sébastien Lagarde, Charles de Rousiers},
  howpublished = {\url{http://www.frostbite.com/wp-content/uploads/2014/11/course_notes_moving_frostbite_to_pbr_v2.pdf}},
  note = {Hozzáférve: 2016. május 7.}
}
